{1:001BANK BCA}{2:I940TRIPUTRA ENERGI MEGATARA }{4:
:20:20250411012010
:25:2178882266
:28C:00080
:60F:C250411IDR1096383659205
:61:250411D3490948400NTRF
:86:1104/ATSCY/WS9505100BP/TERA-00006947062                                 1910724971-IDR    MAHAKAM MEDIA GRAF
:61:250411D41990000NTRF
:86:1104/ATSCY/WS9505100BP/TERA-000067944591                                7940280430-IDR    NABILA RAMADHANI H
:61:250411D1716750000NTRF
:86:1104/ATSCY/WS9505100BP/TERA-000069483314                                4788888811-IDR    MID SOLUSI NUSANTA
:61:250411D94820000NTRF
:86:1104/ATSCY/WS9505100BP/TERA-000069444746                                2861555528-IDR    SILVY
:61:250411D33235745300NTRF
:86:1104/ATSCY/WS9505100BP/TERA-000068180255,0256,0266    0266              2175566889-IDR    ARMADA BAHTERA SEM
:61:250411D20892400NTRF
:86:1104/ATSCY/WS9505100BP/TERA-000069490810                                1982275088-IDR    IP TELECOM MULTIME
:61:250411D481650000NTRF
:86:1104/ATSCY/WS9505100BP/TERA-000069364760,4761                           5490759699-IDR    MADE SURYA NEGARA
:61:250411D5373700000NTRF
:86:1104/ATSCY/WS9505100BP/TERA-000068582333                                8710127272-IDR    STUCEL MEDIA KREAT
:61:250411D775169200NTRF
:86:1104/ATSCY/WS9505100BP/TERA-000069354687,4766                           6070309830-IDR    ARI DWI DJAYANTO
:61:250411D85000000NTRF
:86:1104/ATSCY/WS9505100BP/TERA-000069404726                                5415431608-IDR    SHINTA DEVI SIREGA
:61:250411D200000000NTRF
:86:1104/ATSCY/WS9505100BP/TERA-000069384741                                5270658999-IDR    OKY HERYANTO
:61:250411D2049514700NTRF
:86:1104/ATSCY/WS9505100BP/TERA-000069344601,4714,4757    4770              5225081481-IDR    JUAN DAVIS
:61:250411D205000000NTRF
:86:1104/ATSCY/WS9505100BP/TERA-000069394728                                2950102341-IDR    AHMAD FAHMY
:61:250411D8650000NTRF
:86:1104/ATSCY/WS9505100BP/TERA-000069424707                                2170372479-IDR    ANDRE ADJANI CASAL
:61:250411D55964800NTRF
:86:1104/ATSCY/WS9505100BP/TERA-000069464750                                8691280951-IDR    GABRIELLE C A ELKE
:61:250411D21735329800NTRF
:86:1104/ATSCY/WS9505100BP/TERA-000067140023,0013                           7935145899-IDR    MITRA BORNEO ABADI
:61:250411D12731200000NTRF
:86:1104/ATSCY/WS9505100BP/TERA-00006715011                                 0277102688-IDR    SUGI BUMI SAKTI PT
:61:250411D12500000NTRF
:86:1104/ATSCY/WS9505100BP/TERA-000069434663                                6631369399-IDR    NATASYA OKTAVIA
:61:250411D4957764000NTRF
:86:1104/ATSCY/WS9505100BP/TERA-00006716010                                 1089182555-IDR    TRANSLINDO INTI NU
:61:250411D763000000NTRF
:86:1104/ATSCY/WS9505100BP/TERA-000068330121                                4973559888-IDR    KINANTI KREASI IND
:61:250411D125350000NTRF
:86:1104/ATSCY/WS9505100BP/TERA-000068400225                                8850892513-IDR    IKARI SHODOKU INDO
:61:250411D9930195800NTRF
:86:1104/ATSCY/WS9505100BP/TERA-00006769128                                 8355474999-IDR    GLOBAL RAYA PERDAN
:61:250411D107250000NTRF
:86:1104/ATSCY/WS9505100BP/TERA-000068376536                                0940886066-IDR    SEPTIAN PRATAMA WI
:61:250411D32700000000NTRF
:86:1104/ATSCY/WS9505100BP/TERA-000068630982                                3014009880-IDR    PRINCIPIA PT
:61:250411D3835100000NTRF
:86:1104/ATSCY/WS9505100BP/TERA-00006896040                                 4980301902-IDR    NIAGAPRIMA PARAMIT
:61:250411D1069799800NTRF
:86:1104/ATSCY/WS9505100BP/TERA-000068520031,0060                           4980301902-IDR    NIAGAPRIMA PARAMIT
:61:250411D43179000NTRF
:86:1104/ATSCY/WS9505100BP/TERA-000068530109                                0099988845-IDR    PERWIRASARANA MAND
:61:250411D88800000NTRF
:86:1104/ATSCY/WS9505100BP/TERA-000068084653                                5345103411-IDR    KARTIKA DEWANTI PU
:61:250411D472500000NTRF
:86:1104/ATSCY/WS9505100BP/TERA-000068540020,0027,0028    0012              2700056263-IDR    VIONY
:61:250411D41300000NTRF
:86:1104/ATSCY/WS9505100BP/TERA-000068113961                                5221758189-IDR    GALIH WHISNU ROMAN
:61:250411D32950000NTRF
:86:1104/ATSCY/WS9505100BP/TERA-000068094662                                4971524396-IDR    BRIGITTA ANNABELLA
:61:250411D85119303100NTRF
:86:1104/ATSCY/WS9505100BP/TERA-00006842038                                 2307057570-IDR    LINTAS SAMUDRA BOR
:61:250411D28015000NTRF
:86:1104/ATSCY/WS9505100BP/TERA-000069064661                                7970215217-IDR    IRENE WITANTO
:61:250411D60000000NTRF
:86:1104/ATSCY/WS9505100BP/TERA-000069194699                                8710029106-IDR    ADI GUNARA
:61:250411D32288500500NTRF
:86:1104/ATSCY/WS9505100BP/TERA-000068950140,0141                           2173355599-IDR    TRIPUTRA SOLUSI TE
:61:250411D595792500NTRF
:86:1104/ATSCY/WS9505100BP/TERA-000069050863,0866,0867    0868              7550333168-IDR    PT ALDMIC INDONESI
:61:250411D135000000NTRF
:86:1104/ATSCY/WS9505100BP/TERA-000069204640                                6265057792-IDR    HARIS SHOLEH RIYAN
:61:250411D15050000NTRF
:86:1104/ATSCY/WS9505100BP/TERA-000069124690                                6030693955-IDR    RAISA RASUNA
:61:250411D12850000NTRF
:86:1104/ATSCY/WS9505100BP/TERA-000069134691                                8850801071-IDR    ZARACHEROSA VIOLET
:61:250411D52300000NTRF
:86:1104/ATSCY/WS9505100BP/TERA-000069144698                                5280102948-IDR    TEDDY SURYAWAN
:61:250411D250000000NTRF
:86:1104/ATSCY/WS9505100BP/TERA-000068596279,6294                           4500606300-IDR    JUSLYNE FLORIST CV
:61:250411D545000000NTRF
:86:1104/ATSCY/WS9505100BP/TERA-000068325647                                3193044227-IDR    SERASI AUTORAYA PT
:61:250411D215000000NTRF
:86:1104/ATSCY/WS9505100BP/TERA-000068124657                                7380409199-IDR    NURUL FAJRIN
:61:250411D967500000NTRF
:86:1104/ATSCY/WS9505100BP/TERA-000068600044                                0272209811-IDR    MAHAKAM DHARMA PER
:61:250411D6621750000NTRF
:86:1104/ATSCY/WS9505100BP/TERA-000068505374,7257,7266    7275,7281,7285    2763002926-IDR    CARSURIN TBK PT
:61:250411D468700000NTRF
:86:1104/ATSCY/WS9505100BP/TERA-00006862925                                 7300316039-IDR    SENTRAL MITRA INFO
:61:250411D121800000NTRF
:86:1104/ATSCY/WS9505100BP/TERA-000068194590                                3420732880-IDR    ZAHRA NASYWA IMTIY
:61:250411D21104000NTRF
:86:1104/ATSCY/WS9505100BP/TERA-000067974665                                6030693955-IDR    RAISA RASUNA
:61:250411D48600000NTRF
:86:1104/ATSCY/WS9505100BP/TERA-000069264704                                7380409199-IDR    NURUL FAJRIN
:61:250411D400657700NTRF
:86:1104/ATSCY/WS9505100BP/TERA-000069284763,4764                           5280102948-IDR    TEDDY SURYAWAN
:61:250411D4800000NTRF
:86:1104/ATSCY/WS9505100BP/TERA-000069084450                                6600141609-IDR    ALEXANDER WIJAYA
:61:250411D23100000NTRF
:86:1104/ATSCY/WS9505100BP/TERA-000069074416                                2861555528-IDR    SILVY
:61:250411D163600000NTRF
:86:1104/ATSCY/WS9505100BP/TERA-000068292826                                4583000987-IDR    SMAILING TOURS & T
:61:250411D27400000NTRF
:86:1104/ATSCY/WS9505100BP/TERA-000069094585                                0321817733-IDR    WILLIAM SUWIGNYO
:61:250411D125463300NTRF
:86:1104/ATSCY/WS9505100BP/TERA-000069154711                                7660373106-IDR    SILVINA
:61:250411D108472000NTRF
:86:1104/ATSCY/WS9505100BP/TERA-000069114624                                8905200913-IDR    DIRTA SANJAYA AP
:61:250411D160350000NTRF
:86:1104/ATSCY/WS9505100BP/TERA-000069104595,4641                           5221758189-IDR    GALIH WHISNU ROMAN
:61:250411D566004100NTRF
:86:1104/ATSCY/WS9505100BP/TERA-000069224656                                2170372479-IDR    ANDRE ADJANI CASAL
:61:250411D111844000NTRF
:86:1104/ATSCY/WS9505100BP/TERA-000069244696                                0016100913-IDR    MOCH FURQON
:61:250411D16000000NTRF
:86:1104/ATSCY/WS9505100BP/TERA-000069234695                                2950102341-IDR    AHMAD FAHMY
:61:250411D29400000NTRF
:86:1104/ATSCY/WS9505100BP/TERA-000069254703                                2177060182-IDR    ALEXANDER JANUARTO
:61:250411D50490800NTRF
:86:1104/FTSCY/WS95051         504908.00BA/COM/III/2025010-                 7935121035 IDR    PUSPA JUITA CV
:61:250411D45000000NTRF
:86:1104/FTSCY/WS95051         450000.00Pengembalian dana -                 0941434273 IDR    MOUDY SALSABILA
:61:250411D17411900NTRF
:86:1104/ATLLG/WS9505100BP/TERA-000069540057                                PPU(VDLNBA00000000TRI ADI BERSAMA
:61:250411D290000NTRF
:86:1104/ATCHG/WS95051REF:2504100019903300BP/TERA-00006954BIAYA AUTOTRANSFER
:61:250411D545000000NTRF
:86:1104/ATLLG/WS9505100BP/TERA-000068352500                                PPU(VDM2BA00000000PT. PROXSIS STRATE
:61:250411D290000NTRF
:86:1104/ATCHG/WS95051REF:2504100019903300BP/TERA-00006835BIAYA AUTOTRANSFER
:61:250411D58391832600NTRF
:86:1104/ATLLG/WS9505100BP/TERA-000067120074,0095,0097    0098,0099,0100    PPU(VDNYBA00290000PT JAYA GEMILANG M
:61:250411D816500300NTRF
:86:1104/ATLLG/WS9505100BP/TERA-00006780025A,025B,026                       PPU(VDN6BA00000000CV. DSS MANDIRI
:61:250411D290000NTRF
:86:1104/ATCHG/WS95051REF:2504100019903300BP/TERA-00006780BIAYA AUTOTRANSFER
:61:250411D251977480300NTRF
:86:1104/ATRTG/WS9505100BP/TERA-00006782006,011,065                         PPU(VDPGBA02500000PT. WIRA ARIANDI U
:61:250411D861100000NTRF
:86:1104/ATLLG/WS9505100BP/TERA-00006834022A                                PPU(VDP1BA00000000PT. ALIEM SUKSES A
:61:250411D290000NTRF
:86:1104/ATCHG/WS95051REF:2504100019903300BP/TERA-00006834BIAYA AUTOTRANSFER
:61:250411D36688087900NTRF
:86:1104/ATLLG/WS9505100BP/TERA-000067130033,0035,0056    0075,0076,0078    PPU(VDP2BA00290000PT MEGA TRANS ENER
:61:250411D136000000NTRF
:86:1104/ATLLG/WS9505100BP/TERA-000068390425                                PPU(VDQZBA00000000KURNIYADI
:61:250411D290000NTRF
:86:1104/ATCHG/WS95051REF:2504100019903300BP/TERA-00006839BIAYA AUTOTRANSFER
:61:250411D98784000NTRF
:86:1104/ATLLG/WS9505100BP/TERA-0000685512,16,17                            PPU(VD3FBA00000000PT. Evolusi Karya
:61:250411D290000NTRF
:86:1104/ATCHG/WS95051REF:2504100019903300BP/TERA-00006855BIAYA AUTOTRANSFER
:61:250411D560766700NTRF
:86:1104/ATLLG/WS9505100BP/TERA-000068360052                                PPU(VD3MBA00000000PT. PROVIS GARUDA
:61:250411D290000NTRF
:86:1104/ATCHG/WS95051REF:2504100019903300BP/TERA-00006836BIAYA AUTOTRANSFER
:61:250411D707070000NTRF
:86:1104/ATLLG/WS9505100BP/TERA-00006851077                                 PPU(VD3NBA00000000PT REKATAMA INTIDA
:61:250411D290000NTRF
:86:1104/ATCHG/WS95051REF:2504100019903300BP/TERA-00006851BIAYA AUTOTRANSFER
:61:250411D3389913900NTRF
:86:1104/ATLLG/WS9505100BP/TERA-00006767015                                 PPU(VD3PBA00290000PT LIMPAH RISKI MA
:61:250411D5668000000NTRF
:86:1104/ATLLG/WS9505100BP/TERA-000068647431                                PPU(VD3QBA00000000PT. SGS Indonesia
:61:250411D290000NTRF
:86:1104/ATCHG/WS95051REF:2504100019903300BP/TERA-00006864BIAYA AUTOTRANSFER
:61:250411D22297500NTRF
:86:1104/ATLLG/WS9505100BP/TERA-000068560083                                PPU(VD3RBA00000000PT. BEPA IKA PERKA
:61:250411D290000NTRF
:86:1104/ATCHG/WS95051REF:2504100019903300BP/TERA-00006856BIAYA AUTOTRANSFER
:61:250411D413655000NTRF
:86:1104/ATLLG/WS9505100BP/TERA-000068499279                                PPU(VD3SBA00290000PT TEKENOMIKS INDO
:61:250411D4461075700NTRF
:86:1104/ATLLG/WS9505100BP/TERA-0000684739                                  PPU(VD3VBA00290000PT. TIRTA MARITIM
:61:250411D1648388000NTRF
:86:1104/ATLLG/WS9505100BP/TERA-000068410594                                PPU(VD3ZBA00000000PT. TRIPUTRA ENERG
:61:250411D290000NTRF
:86:1104/ATCHG/WS95051REF:2504100019903300BP/TERA-00006841BIAYA AUTOTRANSFER
:61:250411D122062358800NTRF
:86:1104/ATRTG/WS9505100BP/TERA-000067110112,0119,0140    0147,0148,0149    PPU(VD31BA02500000GLOBAL BORNEO TRAN
:61:250411D4640300000NTRF
:86:1104/ATLLG/WS9505100BP/TERA-00006846077                                 PPU(VD4BBA00290000BBGD PT. SARANA IN
:61:250411D62194790000NTRF
:86:1104/ATLLG/WS9505100BP/TERA-000068270043                                PPU(VD4QBA00000000PT. TRIPUTRA VISI
:61:250411D290000NTRF
:86:1104/ATCHG/WS95051REF:2504100019903300BP/TERA-00006827BIAYA AUTOTRANSFER
:61:250411D2900902400NTRF
:86:1104/ATLLG/WS9505100BP/TERA-000067810797,0815                           PPU(VD4VBA00000000PT VIRTUS FACILITY
:61:250411D290000NTRF
:86:1104/ATCHG/WS95051REF:2504100019903300BP/TERA-00006781BIAYA AUTOTRANSFER
:61:250411D7946100000NTRF
:86:1104/ATLLG/WS9505100BP/TERA-000067798329,8330,8450    8513,9514,8538    PPU(VD44BA00290000PT CITRABUANA INDO
:61:250411D280000000NTRF
:86:1104/ATLLG/WS9505100BP/TERA-00006857001                                 PPU(VD45BA00000000PURYANTO
:61:250411D290000NTRF
:86:1104/ATCHG/WS95051REF:2504100019903300BP/TERA-00006857BIAYA AUTOTRANSFER
:61:250411D3939822400NTRF
:86:1104/ATLLG/WS9505100BP/TERA-000067660046,0047,0048    0049,0050         PPU(VD52BA00290000PT. BANYU SEGORO M
:61:250411D2452500000NTRF
:86:1104/ATLLG/WS9505100BP/TERA-00006831038                                 PPU(VFJLBA00000000CV. DIRGANTARA IND
:61:250411D290000NTRF
:86:1104/ATCHG/WS95051REF:2504100019903300BP/TERA-00006831BIAYA AUTOTRANSFER
:61:250411C15606250000NTRF
:86:LLG-MANDIRI       SABHANTARA RAWI SE178905478                                             250411001310193972
:61:250411C22500000000NTRF
:86:BIF-TRANSFER008   1660099898900     NAMARA BANGUN PRAT-                                   20250411I178540041
:61:250411C3074450000NTRF
:86:BIF-TRANSFER008   1490010493908     GUNUNG TUNGGAL MAK-                                   20250411I179082440
:61:250411C183794861700NTRF
:86:RTGS-PT. BANK KEB HNBNIDJA/007569   ALAM MAKMUR       RTGS(Transfer)
:61:250411D10500000NTRF
:86:0411 0000217 BCA  NOSTRO CAFE-HO    885001865405      0000 00000000000006019006000586514
:61:250411C97118976900NTRF
:86:LLG-MANDIRI       GAWI MAKMUR KALIMAINV GMK              13                 -2178882      250411001310648168
:61:250411C2000000NTRF
:86:1104/FTSCY/WS95271          20000.00sisa OS Debit Bukber                8691280951 IDR    GABRIELLE C A ELKE
:62F:C250411IDR579764350205
-}

